@article{Steffen,
author = {Steffen, J. and Haschke, R. and Ritter, H.},
journal = {International Conference on Intelligent Robots and Systems},
note = {San Diego},
pages = {2938--2943},
title = {{Experience-based and Tactile-driven Dynamic Grasp Control}},
volume = {17},
issue = {11},
year = {2007}
}

@article{Pastor,
author = {Pastor, P. and Righetti, L. and Kalakrishnan, M. and Schaal, S.},
journal = {International Conference on Intelligent Robots and Systems},
note = {San Francisco},
pages = {365--371},
title = {{Online Movement Adaptation Based on Previous Sensor Experiences}},
volume = {17},
issue = {11},
year = {2011}
}

@article{LeeNicholls,
author = {Lee, M.H. and Nicholls, H.R.},
journal = {Mechatronics},
pages = {1--31},
title = {{Tactile sensing for mechatronics -- a state of the art survey}},
volume = {9},
year = {1999}
}

@article{Leoni,
author = {Leoni, F. and Guerrini, M. and Laschi, C.},
journal = {Robotics and Automation},
pages = {2274--2280},
title = {{Implementing robotic grasping tasks using a biological approach}},
year = {1998}
}

@article{Sikka,
author = {Sikka, P. and Zhang, H.},
journal = {Experimental Robotics III},
title = {{Tactile servo: Control of touching-driven robot motion}},
year = {1994}
}

@article{Howe,
author = {Howe, R.},
journal = {Advanced Robotics},
pages = {245--261},
title = {{Tactile sensing and control of robotic manipulation}},
volume = {8},
issue = {3},
year = {1993}
}

@article{Yousef1,
author = {Yousef, H. and Boukallel, M. and Althoefer, K.},
journal = {Sensors and Actuators A: Physical},
pages = {171--187},
title = {{Tactile sensing for dexterous in-hand manipulation in robotics -- A review}},
volume = {167},
issue = {2},
year = {2011}
}

@article{VisualSensory,
author = {Jenmalm, P. and Johansson, R.S.},
journal = {The Journal of Neuroscience},
pages = {4486--4499},
title = {{Visual and Somatosensory Information about Object Shape Control Manipulative Fintertip Forces}},
volume = {17},
issue = {11},
year = {1997}
}

@article{Ben,
author = {Humberston, B. and Pai,D.K.},
journal = {Draft},
pages = {},
title = {{Interactive Animation of Precision Manipulations with Force Feedback}},
year = {2013}
}

@book{TortaGerardJ.2011,
author = {Tortora, G.J. and Derrickson, B.H.},
edition = {13},
isbn = {1118088883, 9781118088883},
title = {{Principles of Anatomy and Physiology}},
year = {2011}
}

@book{manual,
author = {Barrett and Technologies},
title = {{BH8-Series User Manual Firmware Version 4.4.x}},
}

@book{SkinTouch,
author = {Lederman, S.J.},
edition = {2},
volume = {8},
pages = {49--61},
chapter = {Skin and Touch},
title = {{Encyclopedia of human biology}},
year = {1997}
}

@ONLINE{ML,
author = {Ng, Andrew},
title = {{Machine Learning }},
organization = {Coursera.org},
year = {2013},
url = {https://class.coursera.org/ml-003/class},
urldate = {2013-12-11}
}

@ONLINE{ML9,
author = {Ng, Andrew},
title = {{Machine Learning }},
subtitle = {Lecture 9},
organization = {Coursera.org},
year = {2013},
url = {https://d396qusza40orc.cloudfront.net/ml/docs\%2Fslides\%2FLecture9.pdf},
urldate = {2013-12-11}
}

